<record><leader>00000cas a22000007a 4500</leader><controlfield tag="001">10060391</controlfield><controlfield tag="008">831026d18851888ohuwr ne      0    0eng d</controlfield><datafield ind1=" " ind2=" " tag="010"><subfield code="a">sn 83035579 </subfield></datafield><datafield ind1=" " ind2=" " tag="040"><subfield code="a">NPY</subfield><subfield code="b">eng</subfield><subfield code="c">NPY</subfield><subfield code="d">ONP</subfield><subfield code="d">OCLCQ</subfield></datafield><datafield ind1=" " ind2=" " tag="042"><subfield code="a">msc</subfield></datafield><datafield ind1="0" ind2=" " tag="130"><subfield code="a">Sun and voice (Cleveland, Ohio : 1885)</subfield></datafield><datafield ind1="1" ind2="4" tag="245"><subfield code="a">The Sun and voice.</subfield></datafield><datafield ind1=" " ind2=" " tag="260"><subfield code="a">Cleveland [Ohio :</subfield><subfield code="b">s.n.],</subfield><subfield code="c">1885-1888.</subfield></datafield><datafield ind1=" " ind2=" " tag="300"><subfield code="a">3 v. :</subfield><subfield code="b">ill. ;</subfield><subfield code="c">59 cm.</subfield></datafield><datafield ind1=" " ind2=" " tag="310"><subfield code="a">Weekly</subfield></datafield><datafield ind1="0" ind2=" " tag="362"><subfield code="a">Vol. 15, no. 5 (Nov. 15, 1885)-v. 18, no. 8 (Dec. 2, 1888).</subfield></datafield><datafield ind1=" " ind2=" " tag="500"><subfield code="a">"Republican." Cf. Gutgesell, S. Guide to Ohio newspapers, 1974.</subfield></datafield><datafield ind1=" " ind2=" " tag="525"><subfield code="a">Supplements accompany some issues.</subfield></datafield><datafield ind1=" " ind2=" " tag="752"><subfield code="a">United States</subfield><subfield code="b">Ohio</subfield><subfield code="c">Cuyahoga</subfield><subfield code="d">Cleveland.</subfield></datafield><datafield ind1="0" ind2="4" tag="780"><subfield code="t">Cleveland Sunday sun</subfield><subfield code="w">(DLC)sn 83035578</subfield></datafield><datafield ind1="0" ind2="4" tag="780"><subfield code="t">Voice (Cleveland, Ohio : 1883)</subfield><subfield code="w">(DLC)sn 83035577</subfield></datafield><datafield ind1="0" ind2="0" tag="785"><subfield code="t">Ohio sun and voice</subfield><subfield code="w">(DLC)sn 83035580</subfield></datafield><datafield ind1="1" ind2=" " tag="029"><subfield code="a">AU@</subfield><subfield code="b">000025786021</subfield></datafield></record>